<?xml version="1.0" encoding="UTF-8"?><collection xmlns="http://www.loc.gov/MARC21/slim"><record><leader>00451nam--2200181-u-4500</leader><controlfield tag="001">000052539</controlfield><controlfield tag="002">20161230</controlfield><controlfield tag="005">20161230201050</controlfield><controlfield tag="008">100903s1000------------r-----000-0-rus-d</controlfield><datafield ind1=" " ind2=" " tag="040"><subfield code="a">IFIN-HH</subfield></datafield><datafield ind1=" " ind2=" " tag="041"><subfield code="a">rus</subfield></datafield><datafield ind1=" " ind2=" " tag="080"><subfield code="a">533.6</subfield></datafield><datafield ind1="1" ind2=" " tag="100"><subfield code="a">Ferry, A</subfield></datafield><datafield ind1="1" ind2="0" tag="245"><subfield code="a">Aerodinamika sverhzvukovih tecenii</subfield><subfield code="c">A. Ferry</subfield></datafield><datafield ind1=" " ind2=" " tag="260"><subfield code="a">Moskva</subfield><subfield code="b">Tehniko-teoreticeskoi literaturi</subfield><subfield code="c">1952</subfield></datafield><datafield ind1=" " ind2=" " tag="300"><subfield code="a">446 p</subfield></datafield><datafield ind1=" " ind2=" " tag="852"><subfield code="a">103</subfield><subfield code="c">533.6</subfield></datafield><datafield ind1=" " ind2=" " tag="CAT"><subfield code="a">Sys</subfield><subfield code="c">20100903</subfield><subfield code="h">095735</subfield></datafield></record></collection>